% See here: https://www.overleaf.com/learn/latex/Bibliography_management_with_bibtex
% Also here: https://www.imperial.ac.uk/media/imperial-college/administration-and-support-services/library/public/LaTeX-and-BibTeX-apr-2019.pdf

% After you have made a reference, you must cite it in the text like this: \cite{AUVSI}
% AUVSI is the reference key, please check the above links to understand.

@techreport{AUVSI,
institution = {Association for Unmanned Vecicle Systems International},
pages = {2--3},
title = {{The Economic Impact of Unmanned Aircraft Systems Integration in the United States}},
url = {https://higherlogicdownload.s3.amazonaws.com/AUVSI/958c920a-7f9b-4ad2-9807-f9a4e95d1ef1/UploadedImages/New_Economic%20Report%202013%20Full.pdf},
year = {2013}
}

@techreport{Posamentier,
institution = { UT Dallas},
title = {{UT Dallas CS/ECE Team Place First in the 2022 Raytheon Unmanned Aircraft Systems (UAS) University Innovation Showcase}},
url = {https://cs.utdallas.edu/utd-cs-ece-1st-place-uas-raytheon-showcase-2022/},
year = {2022}
}

@techreport{UoBDASAR,
institution = {Instructables},
title = {{Autonomous Drone}},
url = {https://www.instructables.com/Autonomous-Drone/},
year = {2019}
}

@techreport{Lotspeich,
institution = {University of Texas at Arlington},
pages = {2--3},
title = {{Innovation Day 2022}},
url = {https://uta.engineering/innovationday/},
year = {2022}
}

@techreport{Bradsky,
institution = {OpenCV},
title = {{Detection of ARUCO Markers}},
url = {https://docs.opencv.org/4.x/d5/dae/tutorial_aruco_detection.html}
}

@techreport{Fiorenzani,
institution = {OPENCV and ARUCO Markers},
title = {{PRECISION LANDING | with OPENCV and ARUCO Markers}},
url = {https://www.youtube.com/watch?v=wlT_0fhGrGg&list=PLuteWQUGtU9BEMX3CTXxxSLb4XTByCiPI&ab_channel=TizianoFiorenzani}
}
